<record><leader>00000cas a2200000 a 4500</leader><controlfield tag="001">15527430</controlfield><controlfield tag="008">870414d19051913msuwr ne      0    0eng d</controlfield><datafield ind1=" " ind2=" " tag="010"><subfield code="a">sn 87065290 </subfield></datafield><datafield ind1=" " ind2=" " tag="040"><subfield code="a">MJA</subfield><subfield code="b">eng</subfield><subfield code="c">MJA</subfield><subfield code="d">MSJ</subfield><subfield code="d">KNP</subfield><subfield code="d">OCL</subfield><subfield code="d">OCLCQ</subfield></datafield><datafield ind1=" " ind2=" " tag="042"><subfield code="a">msc</subfield></datafield><datafield ind1="0" ind2="0" tag="245"><subfield code="a">Kilmichael record.</subfield></datafield><datafield ind1=" " ind2=" " tag="260"><subfield code="a">Kilmichael, Miss. :</subfield><subfield code="b">Otis E. Brannon &amp; Zip I. Oliver</subfield></datafield><datafield ind1=" " ind2=" " tag="300"><subfield code="a">v. :</subfield><subfield code="b">ill.</subfield></datafield><datafield ind1=" " ind2=" " tag="310"><subfield code="a">Weekly</subfield></datafield><datafield ind1="1" ind2=" " tag="362"><subfield code="a">Began in 1905; ceased in 1913.</subfield></datafield><datafield ind1=" " ind2=" " tag="500"><subfield code="a">"Official organ of Montgomery County."</subfield></datafield><datafield ind1=" " ind2=" " tag="588"><subfield code="a">Description based on: Vol. 3, no. 44 (Aug. 7, 1908).</subfield></datafield><datafield ind1=" " ind2="4" tag="651"><subfield code="a">Kilmichael (Miss.)</subfield><subfield code="v">Newspapers.</subfield></datafield><datafield ind1=" " ind2=" " tag="752"><subfield code="a">United States</subfield><subfield code="b">Mississippi</subfield><subfield code="c">Montgomery</subfield><subfield code="d">Kilmichael.</subfield></datafield><datafield ind1="1" ind2=" " tag="029"><subfield code="a">AU@</subfield><subfield code="b">000020477970</subfield></datafield></record>